@book { hodges1997,
    author    = {Wilfrid Hodges},
    title     = {A Shorter Model Theory},
    publisher = {Cambridge University Press},
    year      = {1997} }

@article { godel1930,
    author    = {Kurt G{\"o}del},
    title     = {{Die Vollständigkeit der Axiome des logischen Functionenkalküls}},
    journal   = {Monatshefte f{\"{u}}r Mathematik und Physik},
    year      = {1930},
    volume    = {37},
    pages     = {349--360},
    note      = {Reprinted in \citet[pp. 102--123]{godel1986}} }

@book { godel1986,
    editor    = {Soloman Feferman and Stephen C. Kleene and Gregory H. Moore and Robert M. Solovay and Jean van Heijenoort},
    title     = {Kurt G{\"o}del: Collected Works. I: Publications 1929--1936},
    year      = {1986},
    publisher = {Oxford University Press} }

@book { vdalen2004,
    author    = {Dirk {van Dalen}},
    title     = {Logic and Structure},
    year      = {2004},
    publisher = {Springer},
    edition   = {4th} }

@book { kaye2007,
    author    = {Richard Kaye},
    title     = {The Mathematics of Logic: A guide to completeness theorems and their applications},
    year      = {2007},
    publisher = {Cambridge University Press} }
